@article{Advani2020,
	title        = {Ethnic diversity in UK economics},
	author       = {Advani, Arun and Sen, Sonkurt and Warwick, Ross},
	year         = 2020,
	note         = {IFS Briefing Note BN307},
}
@article{AEA2019,
	title        = {AEA Professional Climate Survey: Final Report},
	author       = {{American Economic Association}},
	year         = 2019,
	note         = {Report to the American Economic Association Committee on Equity, Diversity and Professional Conduct},
}
@article{Alexander2021,
	title        = {Gender and the time cost of peer review},
	author       = {Alexander, Diane and Gorelkina, Olga and Hengel, Erin},
	year         = 2021,
	note         = {Mimeo},
}
@article{Asarta2020,
	title        = {Teaching methods in undergraduate introductory economics courses: results from a sixth national quinquennial survey},
	author       = {Asarta, Carlos and Chambers, Rebecca and Harter, Cynthia},
	year         = 2020,
	journal      = {American Economist},
	volume       = 66,
	number       = 1,
	pages        = {18--28},
}
@article{Auriol2022,
	title        = {Underrepresentation of women in the economics profession more pronounced in the United States compared to heterogeneous Europe},
	author       = {Auriol, Emmanuelle and Friebel, Guido and Weinberger, Alisa and Wilhelm, Sascha},
	year         = 2022,
	journal      = {PNAS},
	volume       = 119,
	number       = 16,
	pages        = {e2118853119},
}
@article{AUT1974,
	title        = {Committee on non-clinical academic staff: agreement on the procedure and criteria to be used in connection with the probationary period},
	author       = {{Association of University Teachers}},
	year         = 1974,
}
@article{Bandiera2016,
	title        = {The gender and ethnicity earnings gap at LSE},
	author       = {Bandiera, Oriana},
	year         = 2016,
	note         = {Report to the LSE Equity, Diversity and Inclusion Taskforce},
}
@book{Bateman2019,
	title        = {The Sex Factor},
	author       = {Bateman, Victoria},
	year         = 2019,
	publisher    = {Polity Books},
	address      = {Cambridge},
}
@article{Bateman2021,
	title        = {The gender imbalance in UK economics},
	author       = {Bateman, Victoria and Gamage, Danula Kankanam and Hengel, Erin and Liu, Xianyue},
	year         = 2021,
	note         = {Royal Economic Society, Silver Anniversary Women's Committee Report},
}
@article{Blackaby2000,
	title        = {Ethnic and other minority representation in UK academic economics},
	author       = {Blackaby, David and Frank, Jeff},
	year         = 2000,
	journal      = {The Economic Journal},
	volume       = 110,
	number       = 464,
	pages        = {F293--F311},
}
@article{Blackaby2005,
	title        = {Outside offers and the gender pay gap: empirical evidence from the UK academic labour market},
	author       = {Blackaby, David and Booth, Alison and Frank, Jeff},
	year         = 2005,
	journal      = {The Economic Journal},
	volume       = 115,
	number       = 501,
	pages        = {F81--F107},
}
@article{Blanco2010,
	title        = {Royal Economic Society Women's Committee on the Gender and Ethnic Balance of Academic Economics 2010},
	author       = {Blanco, Laura and Mumford, Karen},
	year         = 2010,
	note         = {Report to the Royal Economic Society Women's Committee},
}
@article{Blanco2013,
	title        = {The gender balance of academic economics 2012: Royal Economic Society Women's Committee Survey},
	author       = {Blanco, Laura and Mitka, Malgorzata and Mumford, Karen and Roman, J.},
	year         = 2013,
	note         = {Report to the Royal Economic Society Women's Committee},
}
@article{BoE2020,
	title        = {Annual report and accounts, 1 March 2019--29 February 2020},
	author       = {{Bank of England}},
	year         = 2020,
}
@article{CabinetOffice2020,
	title        = {Civil servants by sex and ethnicity and disability and sexual orientation by profession and department},
	author       = {{Cabinet Office}},
	year         = 2020,
	note         = {Dataset},
}
@article{Cambridge2022,
	title        = {International fees and costs},
	author       = {{University of Cambridge}},
	year         = 2022,
	note         = {\url{https://www.undergraduate.study.cam.ac.uk/international-students/international-fees-and-costs}. Accessed 2022-10-26},
}
@article{Canibano2016,
	title        = {Gender and patterns of temporary mobility among researchers},
	author       = {Ca\~nibano, Carolina and Fox, Mary Frank and Otamendi, F. Javier},
	year         = 2016,
	journal      = {Science and Public Policy},
	volume       = 43,
	number       = 3,
	pages        = {320--331},
}
@article{Card2020,
	title        = {Are referees and editors in economics gender neutral?},
	author       = {Card, David and DellaVigna, Stefano and Funk, Patricia and Iriberri, Nagore},
	year         = 2020,
	journal      = {Quarterly Journal of Economics},
	volume       = 135,
	number       = 1,
	pages        = {269--327},
}
@article{Ceci2014,
	title        = {Women in academic science: a changing landscape},
	author       = {Ceci, Stephen J. and Ginther, Donna and Kahn, Shulamit and Williams, Wendy M.},
	year         = 2014,
	journal      = {Psychological Science in the Public Interest},
	volume       = 15,
	number       = 3,
	pages        = {75--141},
}
@article{Cherrier2017,
	title        = {The American Economic Association declares that economics is not a man's field: the missing story},
	author       = {Cherrier, Beatrice},
	year         = 2017,
	note         = {\url{https://beatricecherrier.wordpress.com/2017/03/31/the-american-economic-association-declares-that-economics-is-not-a-mans-field-the-missing-story-of-women-economists/}. Accessed 2021-03-28},
}
@article{Chevalier2021,
	title        = {Report from the Committee on the Status of Women in the Economics Profession (CSWEP)},
	author       = {Chevalier, Judy},
	year         = 2021,
	journal      = {AEA Papers and Proceedings},
	volume       = 111,
	pages        = {742--763},
}
@article{CostaDias2021,
	title        = {The gender pay gap for professors in the UK},
	author       = {{Costa Dias}, Monica and Gathergood, John and Griffith, Rachel},
	year         = 2021,
	journal      = {Royal Economic Society Newsletter},
	volume       = 195,
}
@article{Doleac2021,
	title        = {Diversity in economics seminars: who gives invited talks?},
	author       = {Doleac, Jennifer L. and Hengel, Erin and Pancotti, Elizabeth},
	year         = 2021,
	journal      = {AEA Papers and Proceedings},
	volume       = 11,
	pages        = {55--59},
}
@article{Dupas2021,
	title        = {Gender and the dynamics of economics seminars},
	author       = {Dupas, Pascaline and Modestino, Alicia and Niederle, Muriel and Wolfers, Justin},
	year         = 2021,
	note         = {Mimeo},
}
@article{Ferber1979,
	title        = {Husbands, wives, and careers},
	author       = {Ferber, Marianne and Huber, Joan},
	year         = 1979,
	journal      = {Encyclopaedia of Applied Developmental Science},
	volume       = 41,
	number       = 2,
	pages        = {315--325},
}
@article{Ferriman2009,
	title        = {Work preferences, life values and personal views of top math/science graduate students and the profoundly gifted: developmental changes and gender differences during emerging adulthood and parenthood},
	author       = {Ferriman, Kimberley and Lubinski, David and Benbow, Camilla},
	year         = 2009,
	journal      = {Journal of Personality and Social Psychology},
	volume       = 97,
	number       = 3,
	pages        = {517--532},
}
@inproceedings{Folbre1988,
	title        = {The `sphere of women' in early-twentieth-century economics},
	author       = {Folbre, Nancy},
	year         = 1988,
	booktitle    = {Gender and American Social Science: The Formative Years},
	publisher    = {Princeton University Press},
	address      = {Princeton, New Jersey},
	pages        = {35--60},
	editor       = {Silverberg, Helene},
}
@article{Fortin2021,
	title        = {Gender differences in fields of specialization and placement outcomes among PhDs in economics},
	author       = {Fortin, Nicole and Lemieux, Thomas and Rehavi, Marit},
	year         = 2021,
	journal      = {AEA Papers and Proceedings},
	volume       = 111,
	pages        = {74--79},
}
@article{Fox2021,
	title        = {Gender, family and caregiving leaving, and advancement in academic science: effects across the life course},
	author       = {Fox, Mary Frank and Gaughan, Monica},
	year         = 2021,
	journal      = {Sustainability},
	volume       = 13,
	number       = 12,
	pages        = 6820,
}
@article{Gamage2020,
	title        = {Women in economics: a UK perspective},
	author       = {Gamage, Danula Kankanam and Sevilla, Almudena and Smith, Sarah},
	year         = 2020,
	journal      = {Oxford Review of Economic Policy},
	volume       = 36,
	number       = 4,
	pages        = {962--982},
}
@article{Ginther2004,
	title        = {Women in economics: moving up or falling off the academic career ladder?},
	author       = {Ginther, Donna and Kahn, Shulamit},
	year         = 2004,
	journal      = {Journal of Economic Perspectives},
	volume       = 18,
	number       = 3,
	pages        = {193--214},
}
@inproceedings{Ginther2014,
	title        = {Academic women's careers in the social sciences},
	author       = {Ginther, Donna and Kahn, Shulamit},
	year         = 2014,
	booktitle    = {The Economics of Economists: Institutional Setting, Individual Incentives, and Future Prospects},
	publisher    = {Cambridge University Press},
	address      = {Cambridge},
	pages        = {285--315},
	editor       = {Lanteri, Alessandro and Vromen, Jack},
}
@article{Goldin2014,
	title        = {A grand gender convergence: its last chapter},
	author       = {Goldin, Claudia},
	year         = 2014,
	journal      = {American Economic Review},
	volume       = 104,
	number       = 4,
	pages        = {1091--1119},
}
@article{Grossbard2021,
	title        = {The gender gap in citations of articles published in two demographic economics journals},
	author       = {Grossbard, Shoshana and Yilmazer, Tansel and Zhang, Lingrui},
	year         = 2021,
	journal      = {Review of Economics of the Household},
	volume       = 19,
	number       = 3,
	pages        = {677--697},
}
@article{Hengel2022,
	title        = {Publishing while female. Are women held to higher standards? Evidence from peer review.},
	author       = {Hengel, Erin},
	year         = 2022,
	journal      = {The Economic Journal},
	volume       = 132,
	number       = 648,
	pages        = {2951--2991},
}
@article{Hospido2021,
	title        = {Gender gaps in the evaluation of research: evidence from submissions to economics conferences},
	author       = {Hospido, Laura and Sanz, Carlos},
	year         = 2021,
	journal      = {Oxford Bulletin of Economics and Statistics},
	volume       = 83,
	number       = 3,
	pages        = {590--618},
}
@article{IFS2021,
	title        = {People},
	author       = {{IFS}},
	year         = 2021,
	note         = {\url{https://ifs.org.uk/people}. Accessed 2021-06-05},
}
@article{Jacobsen2006a,
	title        = {The status of women economists in US universities and the world},
	author       = {Jacobsen, Joyce P.},
	year         = 2006,
	journal      = {Feminist Economics},
	volume       = 12,
	number       = 3,
	pages        = {427--474},
}
@article{Jacobsen2006b,
	title        = {Explorations: the status of women economists},
	author       = {Jacobsen, Joyce and Robb, Roberta Edgecome and Burton, Jonathan and Blackaby, David H. and Humphries, Jane and Joshi, Heather and Wang, Xiaobo and Dong, Xiao-yuan},
	year         = 2006,
	journal      = {Feminist Economics},
	volume       = 12,
	number       = 3,
	pages        = {427--474},
}
@inproceedings{Kahn2020,
	title        = {Gender and promotion in economics academia},
	author       = {Kahn, Shulamit},
	year         = 2020,
	booktitle    = {Women in Economics},
	publisher    = {CEPR Press},
	address      = {London},
	pages        = {104--108},
	editor       = {Lundberg, Shelly},
}
@article{Key2019,
	title        = {You research like a girl: gendered research agendas and their implications},
	author       = {Key, Ellen M. and Sumner, Jane Lawrence},
	year         = 2019,
	journal      = {PS: Political Science and Politics},
	volume       = 52,
	number       = 4,
	pages        = {663--668},
}
@article{Krawczyk2016,
	title        = {Author's gender affects rating of academic articles: evidence from an incentivized, deception-free laboratory experiment},
	author       = {Krawczyk, Micha{\l} and Smyk, Magdalena},
	year         = 2016,
	journal      = {European Economic Review},
	volume       = 90,
	pages        = {326--335},
}
@book{Kuiper2022,
	title        = {A Herstory of Economics},
	author       = {Kuiper, Edith},
	year         = 2022,
	publisher    = {Polity Books},
	address      = {Cambridge},
}
@article{Lubinski2006,
	title        = {Study of mathematically precocious youth after 35 years},
	author       = {Lubinski, David and Benbow, Camilla},
	year         = 2006,
	journal      = {Perspectives on Psychological Science},
	volume       = 1,
	number       = 4,
	pages        = {316--314},
}
@article{Lundberg2019,
	title        = {Women in economics: stalled progress},
	author       = {Lundberg, Shelly J. and Stearns, Jenna},
	year         = 2019,
	journal      = {Journal of Economic Perspectives},
	volume       = 33,
	number       = 1,
	pages        = {3--22},
}
@article{Madden1993,
	title        = {Female contributions to economic thought, 1900-1940},
	author       = {Madden, Kirsten K.},
	year         = 1993,
	journal      = {History of Political Economy},
	volume       = 34,
	number       = 1,
	pages        = {1--30},
}
@book{Madden2018,
	title        = {Routledge Handbook of the History of Women's Economic Thought},
	author       = {Madden, Kirsten K. and Dimand, Robert W.},
	year         = 2018,
	publisher    = {Routledge},
	address      = {Abingdon, Oxon},
}
@article{McManus2018,
	title        = {The selection of economics lecturers into the 2014 UK Research Excellence Framework Exercise: outputs and gender},
	author       = {McManus, Richard and Mumfod, Karen and Sechel, Cristina},
	year         = 2018,
	note         = {University of York Discussion Paper No. 17/16},
}
@article{Mitka2015,
	title        = {The 10th Royal Economic Society Women's Committee Survey: the gender balance of academic economics in the UK 2014},
	author       = {Mitka, Malgorzata and Mumford, Karen and Sechel, Cristina},
	year         = 2015,
	note         = {Report to the Royal Economic Society Women's Committee},
}
@article{Moon2022,
	title        = {Gender and equality at top economics journals},
	author       = {Hengel, Erin and Moon, Eunyoung},
	year         = 2022,
	note         = {Mimeo},
}
@article{Mumford1997,
	title        = {The gender balance of academic economists in the UK},
	author       = {Mumford, Karen},
	year         = 1997,
	note         = {Report to the Royal Economic Society Women's Committee},
}
@article{Mumford2019,
	title        = {Pay and job rank amongst academic economists in the UK: is gender relevant?},
	author       = {Mumford, Karen and Sechel, Cristina},
	year         = 2019,
	journal      = {British Journal of Industrial Relations},
	volume       = 58,
	number       = 1,
	pages        = {83--113},
}
@article{NIESR2021a,
	title        = {Staff},
	author       = {{NIESR}},
	year         = 2021,
	note         = {\url{https://www.niesr.ac.uk/staff}. Accessed 2021-06-05},
}
@article{NIESR2021b,
	title        = {About us},
	author       = {{NIESR}},
	year         = 2021,
	note         = {\url{https://www.niesr.ac.uk/about-us}. Accessed 2021-06-05},
}
@article{OrozcoEspinel2022,
	title        = {A history of the institutionalization of feminist economics through its tensions and founders},
	author       = {{Orozco Espinel}, Camila and Betancourt, Rebeca Gomez},
	year         = 2022,
	journal      = {History of Political Economy},
	volume       = 54,
	number       = 6,
	pages        = {1169--1202},
}
@article{Otsuka2019,
	title        = {Is there academic tenure in the UK?},
	author       = {Otsuka, Michael},
	year         = 2019,
	note         = {\url{https://mikeotsuka.medium.com/is-there-academic-tenure-in-the-uk-93aecc388616}. Accessed 2022-10-25},
}
@article{RePEc2022,
	title        = {Female representation in economics, as of August 2022},
	author       = {RePEc},
	year         = 2022,
	note         = {\url{https://ideas.repec.org/top/female.html}. Accessed 2022-08-01},
}
@article{RES2020,
	title        = {Climate in economics survey},
	author       = {{Royal Economic Society}},
	year         = 2020,
	note         = {Report to the Executive Committee of the Royal Economic Society},
}
@article{Sarsons2021,
	title        = {Gender differences in recognition for group work},
	author       = {Sarsons, Heather and Gërxhani, Klarita and Reuben, Ernesto and Schram, Arthur},
	year         = 2021,
	journal      = {Journal of Political Economy},
	volume       = 129,
	number       = 1,
	pages        = {101--147},
}
@article{Stern2016,
	title        = {Research Excellence Framework (REF) review: building on success and learning from experience},
	author       = {Stern, Nicholas},
	year         = 2016,
	note         = {Independent Report to the UK Department for Business, Energy and Industrial Strategy},
}
@article{Stevenson2018,
	title        = {Representations of men and women in introductory economics textbooks},
	author       = {Stevenson, Betsey and Zlotnick, Hanna},
	year         = 2018,
	journal      = {AEA Papers and Proceedings},
	volume       = 108,
	pages        = {180--185},
}
@article{Tenreyro2017,
	title        = {Report on the gender balance in UK economics departments and research institutes in 2016},
	author       = {Tenreyro, Silvana},
	year         = 2017,
	note         = {Report to the Royal Economic Society Women's Committee},
}
@article{Ward2001,
	title        = {The gender salary gap in British academia},
	author       = {Ward, Melanie},
	year         = 2001,
	journal      = {Applied Economics},
	volume       = 33,
	number       = 13,
	pages        = {1669--1681},
}
@article{Wu2020,
	title        = {Gender bias in rumours among professionals: an identity-based interpretation},
	author       = {Wu, Alice H.},
	year         = 2020,
	journal      = {Review of Economics and Statistics},
	volume       = 102,
	number       = 5,
	pages        = {867--880},
}
@article{Zacchia2021,
	title        = {What does it take to be top women economists? An analysis using rankings in RePEc},
	author       = {Zacchia, Giulia},
	year         = 2021,
	journal      = {Review of Political Economy},
	volume       = 33,
	number       = 2,
	pages        = {170--193},
}
